@techreport{samp_std,
  author = "Taylor, M. B. and Boch, T. and Fitzpatrick, M. and Allan, A.
            and Paioro, L. and Taylor, J. and Fay, J.",
  title = "Simple Application Messaging Protocol, Version 1.3",
  institution = "IVOA Recommendation",
  year = 2012,
}

@techreport{plastic_note,
  author = "Boch, T. and Comparato, M. and Taylor, J. and Taylor, M.
            and Winstanley, N.",
  title = "PLASTIC - A Protocol for Desktop Application Interoperability",
  institution = "IVOA Note",
  year = 2006,
}

@inproceedings{adassxxi_paper,
  author = "Taylor, M. B. and Boch, T. and Fay, J. and Fitzpatrick, M.
            and Paioro, L.",
  title = "SAMP: Application Messaging for Desktop and Web Applications",
  booktitle = "ADASS XXI",
  year = 2012,
  editor = "Ballester, P. and Egret, D. and Lorente, N. P. F.",
  volume = "461",
  series = "ASP Conf. Ser.",
  pages = "279",
  publisher = "ASP",
  address = "San Francisco",
}

@inproceedings{adassxxii_bof,
  author = "Fitzpatrick, M. and Laurino, O. and Paioro, L. and Taylor, M. B.",
  title = "Application Interoperability with SAMP",
  booktitle = "ADASS XXII",
  year = 2013,
  editor = "Friedel, D. and Freemon, M. and Plante, R.",
  volume = "475",
  series = "ASP Conf. Ser.",
  pages = "395",
  publisher = "ASP",
  address ="San Francisco",
}

@ARTICLE{mcilroy1978,
  author = "McIlroy, M. D. and Pinson, E. N. and Tague, B. A.",
  title = "UNIX Time-Sharing System: Foreword",
  journal = "Bell System Technical Journal",
  year = 1978,
  volume = 57,
  pages = 1899
}  % http://www3.alcatel-lucent.com/bstj/vol57-1978/articles/bstj57-6-1899.pdf

